@article{mahoney2010implementing,
  title={Implementing regularization implicitly via approximate eigenvector computation},
  author={Mahoney, Michael W and Orecchia, Lorenzo},
  journal={arXiv preprint arXiv:1010.0703},
  year={2010}
}
@inproceedings{perozzi2014deepwalk,
  title={Deepwalk: Online learning of social representations},
  author={Perozzi, Bryan and Al-Rfou, Rami and Skiena, Steven},
  booktitle={Proceedings of the 20th ACM SIGKDD international conference on Knowledge discovery and data mining},
  pages={701--710},
  year={2014},
  organization={ACM}
}
@inproceedings{leskovec2008statistical,
  title={Statistical properties of community structure in large social and information networks},
  author={Leskovec, Jure and Lang, Kevin J and Dasgupta, Anirban and Mahoney, Michael W},
  booktitle={Proceedings of the 17th international conference on World Wide Web},
  pages={695--704},
  year={2008},
  organization={ACM}
}
