@article{sgc,
  title={Simplifying Graph Convolutional Networks},
  author={Wu, Felix and Zhang, Tianyi and Souza Jr, Amauri Holanda de and Fifty, Christopher and Yu, Tao and Weinberger, Kilian Q},
  journal={arXiv preprint arXiv:1902.07153},
  year={2019}
}

@inproceedings{specs,
  title={Reconstructing markov processes from independent and anonymous experiments},
  author={L. Tang and H. Liu},
  journal={Data Mining and Knowledge Discovery},
  pages={447--478},
  year={2011}
}

@article{gcn,
  title={Semi-supervised classification with graph convolutional networks},
  author={Kipf, Thomas N and Welling, Max},
  journal={arXiv preprint arXiv:1609.02907},
  year={2016}
}

@inproceedings{lp,
  title={Semi-supervised learning using gaussian fields and harmonic functions},
  author={Xiaojin Zhu and Zoubin Ghahramani and John D Lafferty},
  journal={Proceedings of the 20th International conference on Machine learning},
  pages={912--919},
  year={2003}
}

@inproceedings{mod,
  title={Efficient graphlet kernels for large graph comparison},
  author={L. Tang and H. Liu},
  journal={Proceedings of the 15th ACM SIGKDD International Conference on Knowledge Discovery and Data Mining},
  pages={817--826},
  year={2009}
}

@inproceedings{dw,
  title={Deepwalk: Online learning of social representations},
  author={Perozzi, Bryan and Al-Rfou, Rami and Skiena, Steven},
  booktitle={Proceedings of the 20th ACM SIGKDD international conference on Knowledge discovery and data mining},
  pages={701--710},
  year={2014},
  organization={ACM}
}

@incollection{semiemb,
  title={Deep learning via semi-supervised embedding},
  author={Weston, Jason and Ratle, Fr{\'e}d{\'e}ric and Mobahi, Hossein and Collobert, Ronan},
  booktitle={Neural Networks: Tricks of the Trade},
  pages={639--655},
  year={2012},
  publisher={Springer}
}

@inproceedings{nv,
  title={node2vec: Scalable feature learning for networks},
  author={Grover, Aditya and Leskovec, Jure},
  booktitle={Proceedings of the 22nd ACM SIGKDD international conference on Knowledge discovery and data mining},
  pages={855--864},
  year={2016},
  organization={ACM}
}

@article{planetoid,
  title={Revisiting semi-supervised learning with graph embeddings},
  author={Yang, Zhilin and Cohen, William W and Salakhutdinov, Ruslan},
  journal={arXiv preprint arXiv:1603.08861},
  year={2016}
}

@inproceedings{sage,
  title={Inductive representation learning on large graphs},
  author={Hamilton, Will and Ying, Zhitao and Leskovec, Jure},
  booktitle={Advances in Neural Information Processing Systems},
  pages={1024--1034},
  year={2017}
}

@article{dgi,
  title={Deep graph infomax},
  author={Veli{\v{c}}kovi{\'c}, Petar and Fedus, William and Hamilton, William L and Li{\`o}, Pietro and Bengio, Yoshua and Hjelm, R Devon},
  journal={arXiv preprint arXiv:1809.10341},
  year={2018}
}

@article{my_lld2019,
  title={},
  author={NT, Hoang and Choong, Jun Jin and Murata, Tsuyoshi},
  journal={LLD Workshop, ICLR},
  year={2019}
}

@article{gin,
  title={How Powerful are Graph Neural Networks?},
  author={Xu, Keyulu and Hu, Weihua and Leskovec, Jure and Jegelka, Stefanie},
  journal={International Conference on Learning Representations (ICLR)},
  year={2019}
}