@InProceedings{pmlr-v80-ivanov18a,
  title = 	 {Anonymous Walk Embeddings},
  author = 	 {Ivanov, Sergey and Burnaev, Evgeny},
  booktitle = 	 {Proceedings of the 35th International Conference on Machine Learning},
  pages = 	 {2191--2200},
  year = 	 {2018},
  editor = 	 {Dy, Jennifer and Krause, Andreas},
  volume = 	 {80},
  series = 	 {Proceedings of Machine Learning Research},
  address = 	 {Stockholmsm√§ssan, Stockholm Sweden},
  month = 	 {10--15 Jul},
  publisher = 	 {PMLR},
  pdf = 	 {http://proceedings.mlr.press/v80/ivanov18a/ivanov18a.pdf},
  url = 	 {http://proceedings.mlr.press/v80/ivanov18a.html}
}

@article{micali2016reconstructing,
  title={Reconstructing markov processes from independent and anonymous experiments},
  author={Micali, Silvio and Zhu, Zeyuan Allen},
  journal={Discrete Applied Mathematics},
  volume={200},
  pages={108--122},
  year={2016},
  publisher={Elsevier}
}

@inproceedings{shervashidze2009efficient,
  title={Efficient graphlet kernels for large graph comparison},
  author={Shervashidze, Nino and Vishwanathan, SVN and Petri, Tobias and Mehlhorn, Kurt and Borgwardt, Karsten},
  booktitle={Artificial Intelligence and Statistics},
  pages={488--495},
  year={2009}
}